2866 4785
1695 191 1712 232 Χ

505 365 586 455 ’6
963 446 996 463 „
1243 331 1812 457 raonoeus.

466 604 479 655 >
547 559 685 627 Non'
722 562 825 643 qui
863 556 1270 659 argumentum
1308 556 1531 639 narret,
1570 563 1676 624 sed
1717 564 1821 643 qui
1860 553 2136 623 malevoli

474 725 481 733 ,
549 656 790 727 Veteris
826 668 1036 759 poetae
1073 657 1401 728 maledictis
1439 657 1806 747 respondeat.

551 765 746 843 Nunc,
786 785 963 848 quam
1000 787 1125 828 rem
1162 770 1311 831 vitio
1353 760 1515 846 dent,
1555 786 1773 849 quaeso
1812 768 2074 831 animum
2111 757 2424 826 advortite.

557 1025 733 1095 beret,
770 1043 1043 1085 coenasse
1064 1046 1196 1107 nna,
1221 1028 1428 1087 deinde
1450 1037 1643 1087 cetera
1660 1027 2014 1103 percurrisse
2036 1042 2151 1083 non
2173 1026 2298 1083 sine
2321 1042 2569 1101 magna,

561 1112 806 1169 Caecilii
860 1099 1268 1175 admiratione.
1354 1116 1601 1173 Donatus
1656 1118 1712 1171 in
1766 1113 2093 1192 praefatione
2156 1114 2211 1168 in
2258 1112 2542 1169 Andriam:

508 1225 519 1231 ’
554 1196 720 1256 Ηαεὲ
748 1200 967 1272 prima
964 1209 1129 1257 acta
1159 1210 1251 1258 est
1283 1201 1443 1257 ludis
1475 1198 1932 1279 Megalensibus,
1980 1199 2060 1257 M.
2094 1198 2302 1255 Fulvio
2343 1191 2402 1255 et
2437 1196 2543 1257 Μ’.

562 1284 880 1342 Glabrione
900 1286 1190 1353 'aedilibus
1211 1288 1522 1347 curulibus.
1556 1312 1629 1330 --
1650 1318 1721 1330 —-
1756 1296 1816 1344 et
1839 1295 1929 1344 est
1953 1294 2086 1342 tota
2105 1303 2343 1360 graeca,
2380 1285 2548 1342 edita

509 1408 512 1421 .
558 1369 637 1427 M.
663 1371 941 1428 Marcello
975 1381 1035 1431 et
1062 1376 1163 1432 Cn.
1191 1372 1454 1449 Sulpicio
1480 1392 1625 1432 coss,
1644 1360 2148 1455 pronunciataque
2171 1378 2278 1429 est
2296 1371 2548 1428 Andria

560 1455 874 1514 Terentii
919 1458 994 1515 ob
1035 1460 1391 1537 incognitum
1439 1459 1633 1516 adhuc
1687 1479 1891 1516 nomen
1930 1466 2143 1532 poetae
2201 1467 2259 1515 et
2304 1459 2572 1515 minoris,

559 1536 725 1625 apud
746 1544 1026 1617 populum
1059 1548 1437 1604 auctoritatis
1471 1567 1544 1604 ac
1575 1547 1782 1605 meriti.
1825 1576 1895 1588 —
1932 1579 1999 1588 —
2037 1551 2096 1600 et
2120 1563 2385 1602 successu
2421 1563 2545 1619 spe-

556 1636 728 1683 ctata
744 1647 1022 1704 prospero
1035 1628 1399 1691 hortamento
1416 1642 1632 1711 poetae
1640 1632 1775 1706 fuit
1799 1632 1885 1688 ad
1902 1632 2080 1689 olias
2083 1631 2552 1690 conscribendas.

562 1694 716 1787 Quae
749 1717 1052 1773 testimonia
1084 1737 1247 1794 quum
1281 1723 1397 1780 sine
1431 1721 1538 1778 ulla
1574 1719 1927 1797 ambiguitatis
1961 1704 2142 1796 specie
2185 1717 2389 1797 prolata
2424 1719 2549 1789 sint,

556 1818 624 1856 eo
659 1803 827 1876 magis
870 1802 1056 1873 subeat
1098 1807 1275 1863 mirari
1319 1807 1492 1866 hunce
1526 1807 1759 1865 Andriae
1805 1805 2086 1885 prologum
2132 1824 2251 1860 cum
2288 1804 2423 1880 ipsis
2458 1802 2547 1861 ad-

554 1898 710 1943 versa
740 1886 914 1946 fronte
945 1909 1195 1973 pugnare.
1290 1892 1427 1951 Nam
1464 1894 1592 1971 quid
1626 1903 1739 1962 est,
1784 1912 1877 1950 cur
1910 1900 2095 1970 poeta,
2144 1890 2236 1966 qui
2269 1906 2408 1944 nunc
2441 1888 2549 1964 pri-

504 2010 507 2015 2
559 1991 704 2030 mum
730 1970 967 2033 fabulam
1010 1978 1068 2034 in
1110 1998 1353 2038 scaenam
1398 1980 1592 2039 dicitur
1635 1983 1993 2049 committere,
2049 1995 2111 2033 se
2155 1977 2210 2033 in
2254 1973 2552 2030 scribendis

486 2056 501 2065 ⁸
554 2059 800 2137 prologis
833 2083 1049 2143 operam
1094 2064 1237 2123 dicat
1282 2067 1454 2138 abuti,
1509 2088 1616 2125 non
1651 2070 1742 2145 qui
1787 2074 2145 2142 argumentum
2189 2070 2392 2129 narret,
2450 2056 2550 2115 sed

558 2148 652 2224 qui
687 2147 937 2208 malevoli
969 2153 1169 2209 veteris
1201 2163 1393 2231 poetae
1427 2154 1725 2211 maledictis
1749 2151 2107 2230 respondeat?
2152 2147 2298 2224 Quid
2321 2157 2421 2216 est,
2456 2165 2581 2225 cur-K

556 2231 788 2293 Luscius
831 2237 936 2292 iste
981 2233 1289 2296 Lanuvinus
1333 2239 1538 2323 aliique
1569 2239 1811 2299 Terentii
1869 2240 2251 2295 obtrectatores
2297 2233 2551 2290 Andriam

555 2321 788 2378 nondum
823 2332 992 2380 actam
1027 2333 1084 2381 et
1116 2346 1146 2382 a
1180 2328 1389 2384 nemine
1422 2337 1713 2408 spectatam
1758 2328 2145 2405 vituperarent,
2204 2330 2260 2377 et
2302 2330 2554 2396 tanquam
2595 2338 2598 2341 ’

556 2404 785 2469 fabulam
820 2429 852 2467 e
884 2409 1107 2469 Graecis
1140 2417 1546 2474 contaminatam
1581 2414 1938 2491 exagitarent?
1988 2411 2074 2471 Ad
2099 2429 2187 2467 eas
2211 2408 2554 2466 difficultates

561 2512 718 2550 nemo
754 2495 880 2553 dum
914 2500 1145 2557 animum
1178 2501 1425 2572 advertit,
1458 2504 1565 2560 nisi
1600 2501 1744 2580 quod
1778 2497 2179 2565 Westerhovio,
2213 2498 2330 2553 viro
2353 2495 2554 2571 alioqui

558 2581 774 2639 minime
809 2586 1010 2658 sagaci,
1054 2588 1335 2665 quicquam
1368 2588 1670 2645 suboluisse
1704 2595 1925 2692 apparet
1961 2603 2028 2640 ex
2051 2593 2205 2652 nota,
2240 2602 2397 2661 quam
2418 2584 2552 2638 scri-
2639 2656 2650 2669 η

559 2670 672 2746 psit
705 2668 773 2725 ad
805 2688 858 2728 v.
882 2672 963 2732 5.
995 2671 1173 2732 Recte
1206 2673 1340 2732 hinc
1370 2676 1689 2752 conficitur,
1728 2677 1851 2730 iam
1886 2681 2025 2729 ante
2045 2670 2336 2728 Andriam
2351 2666 2554 2743 plures

554 2755 836 2833 prologos
877 2766 1058 2835 atque
1091 2761 1240 2818 adeo
1271 2762 1472 2838 plures
1506 2763 1688 2819 etiam
1708 2758 1969 2833 fabulas
2013 2756 2313 2830 scripsisse
2351 2753 2552 2810 Teren-

559 2841 725 2897 tium.
798 2841 910 2899 Sed
944 2843 1047 2902 hoc
1083 2856 1171 2903 est
1200 2867 1309 2905 non
1341 2857 1452 2906 tam
1486 2848 1701 2906 solvere
1737 2843 1975 2903 nodum
1959 2864 2129 2921 quam
2154 2840 2326 2917 gladio
2351 2847 2552 2895 temere

562 2924 883 2987 discindere.
971 2929 1108 2990 Nam
1143 2936 1372 3012 primum
1415 2954 1517 2992 sex
1551 2945 1755 2992 tantum
1792 2932 2096 2990 comoedias
2129 2928 2411 3005 scripsisse
2447 2924 2551 2983 Te·

558 3015 788 3071 rentium
820 3024 933 3072 tota
964 3021 1253 3096 antiquitas
1289 3020 1507 3078 clamat·
1560 3031 1674 3077 tum
1701 3040 1844 3082 vero
1888 3028 2101 3098 praeter
2144 3015 2396 3074 Andriam
2429 3008 2552 3068 reli·
2559 3091 2563 3097 Δ

498 3124 502 3130 ’
559 3118 687 3161 cuas
733 3104 967 3180 quinque
1021 3107 1221 3165 seriore
1267 3115 1438 3164 aetate
1481 3116 1626 3163 actas
1669 3095 1836 3186 fuisse
1881 3116 1937 3162 et
1979 3123 2049 3163 ex
2101 3100 2328 3160 testibus
2388 3096 2551 3153 modo

546 3192 983 3247 commemoratis
1017 3203 1074 3250 et
1107 3212 1175 3250 ex
1207 3192 1435 3271 singulis
1470 3192 1774 3250 didascaliis
1808 3194 1939 3249 satis
1975 3198 2199 3249 constat.
2266 3186 2450 3261 Itaque
2472 3184 2556 3241 sic

559 3282 768 3344 statuo,
828 3296 986 3354 quam
1022 3298 1123 3335 nos
1157 3278 1411 3337 habemus
1447 3272 1677 3339 fabulam
1712 3281 1907 3359 prioris
1944 3297 2066 3336 esse
2100 3274 2389 3331 editionem
2423 3271 2553 3348 alte·

558 3379 690 3429 ram,
726 3363 915 3420 iterum
953 3364 1018 3420 ab
1055 3364 1313 3423 aedilibus
1349 3377 1598 3443 emptam,
1632 3366 1860 3443 ideoque
1894 3383 2033 3421 novo
2070 3362 2292 3441 prologo
2329 3368 2549 3426 auctam,
2579 3435 2580 3440 Ἰ

553 3466 620 3503 ac
653 3447 931 3505 fortasse
914 3469 970 3505 ιιι
1004 3451 1196 3507 ceteris
1230 3453 1473 3529 partibus
1506 3453 1630 3530 plus
1665 3456 1908 3509 minusve
1943 3452 2267 3506 immutatam
2289 3456 2345 3503 et
2373 3464 2552 3502 emen·
2611 3517 2622 3528 χ

555 3517 753 3594 datam.
818 3535 953 3592 Nam
992 3555 1152 3612 quum
1188 3540 1418 3614 primum
1455 3551 1569 3596 acta
1605 3548 1752 3597 esset
1776 3538 1915 3604 shaec
1938 3536 2130 3605 fabula,
2167 3543 2424 3608 vetusque
2448 3534 2554 3588 iste

553 3630 715 3699 poeta
752 3638 870 3679 cum
905 3622 1025 3679 aliis
1049 3621 1324 3682 Terentii‘
1307 3627 1538 3686 mimicis
1572 3626 1725 3705 plura
1755 3626 1811 3682 in
1847 3644 1908 3680 ea
1942 3618 2372 3702 reprehendenda
2407 3620 2554 3676 inve

554 3708 786 3764 nissentt
846 3707 1159 3779 Terentius,
1215 3732 1378 3788 quum
1411 3713 1692 3771 interiecto
1727 3711 1983 3791 temporis
2020 3709 2194 3792 spatio
2230 3708 2420 3761 iterum
2456 3704 2552 3759 do·
2601 3713 2606 3718 ’

557 3783 778 3852 cendam
811 3794 1067 3853 Andriam
1102 3796 1413 3870 obtulisset,
1467 3803 1523 3857 in
1567 3800 1792 3879 prologo
1838 3798 1906 3854 de
1950 3798 2157 3869 integro
2199 3790 2339 3850 facto
2375 3791 2552 3846 obtre-

554 3889 785 3938 ctatores
821 3895 978 3953 suos,
1040 3882 1106 3938 ab
1141 3884 1354 3943 iniustis
1390 3889 1669 3966 vituperiis
1704 3896 1765 3943 ut
1797 3886 2152 3949 abstinerent,
2197 3880 2428 3946 monuit,
2476 3879 2549 3933 si·
2559 3884 2571 3908 ¹

550 3966 768 4043 mulque
809 3968 1215 4048 vituperationis
1260 3974 1414 4036 istius
1458 3970 1717 4030 rationem
1752 3982 1809 4029 et
1840 3972 2170 4047 iniquitatem
2208 3967 2391 4044 aequis
2425 3982 2548 4041 spe·

557 4054 850 4111 ctatoribus
893 4060 1162 4137 exposuit.
1271 4061 1367 4117 Sic
1411 4060 1624 4117 demum
1666 4062 1722 4116 in
1764 4058 1869 4115 hoc
1903 4054 2128 4134 prologo
2164 4063 2289 4131 apte
2324 4050 2551 4126 intelligi

518 4158 718 4217 posse
752 4143 927 4199 omnia
962 4163 1124 4219 quum
1159 4147 1213 4203 in
1250 4157 1432 4225 aperto
1468 4150 1564 4204 sit.
1621 4145 1724 4202 alio
1770 4155 1945 4200 tamen
1989 4141 2186 4197 indicio
2224 4137 2483 4195 sententia
2518 4156 2551 4191 ι

551 4246 641 4287 me
664 4230 943 4307 proposita
952 4240 1282 4311 magnopere
1301 4232 1665 4300 confirmatur:
1698 4251 1819 4312 nam
1837 4229 1959 4290 vide
1975 4229 2116 4287 mihi
2133 4225 2342 4307 prologi
2361 4222 2549 4280 finem.
