2866 4785
1055 367 1696 459 PROLOGUS„
1905 338 1920 355 ²
2077 410 2086 415 -
2213 377 2337 469 ,7

352 536 677 605 Menander
710 542 854 604 fecit
891 536 1195 604 A'udriam
1234 549 1297 605 et
1334 538 1714 606 Perinthiam.

350 643 480 723 Qui
519 638 797 706 utramvis
835 652 1003 705 recte
1036 628 1216 719 norit,
1257 644 1456 706 ambas
1492 638 1744 707 noverit.
1881 702 1900 709 „
2265 648 2339 710 10

352 745 487 805 Non
526 741 607 806 ita
645 754 782 807 sunt
822 747 1088 807 dissimili
1122 740 1492 827 argumento,
1532 734 1625 811 set
1663 755 1863 811 tamen
1980 749 1989 753 ’

352 842 636 909 Dissimili
672 841 939 910 oratione
976 857 1115 910 sunt
1152 850 1344 911 factae
1379 869 1454 911 ac
1492 850 1645 913 stilo.

342 948 522 1028 Quae
562 943 913 1026 convenere,
940 954 1015 1011 in
1053 944 1358 1013 A'ndriam
1396 972 1474 1014 ex
1512 945 1868 1043 Perinthia

347 1045 591 1114 Fatetur
628 1047 992 1115 transtulisse
1030 1054 1208 1134 atque
1247 1075 1421 1115 usum
1458 1047 1566 1136 pro
1609 1055 1747 1116 suis.

351 1152 416 1213 ld
456 1149 558 1214 isti
593 1157 932 1236 vituperant
973 1148 1231 1231 faetum3
1270 1164 1449 1237 atque
1487 1159 1552 1219 iu
1590 1175 1662 1219 eo
1703 1148 2023 1237 disputant,
2265 1156 2337 1216 15

292 1272 301 1277 ’
352 1248 758 1333 Contaminari
795 1250 917 1317 ιιόιι
958 1258 1168 1318 decere
1208 1251 1265 1319 fd
1278 1257 1455 1318 bulas.
2306 1252 2312 1257 ’

350 1351 675 1419 Faciuntne
713 1352 1132 1439 intellegendo,
1172 1368 1243 1420 ut
1280 1359 1428 1420 nihil
1466 1352 1847 1439 intellegant?
1907 1372 1926 1452 '·

260 1462 263 1465 ’
355 1459 477 1539 Qui
517 1481 655 1561 cum
694 1453 856 1521 luinc
892 1468 1197 1537 accusant,
1233 1449 1531 1523 Naevium
1571 1459 1848 1524 Plautum
1887 1461 2146 1555 Ennium

470 1762 475 1765 ,
568 1694 647 1754 Ut
675 1698 1055 1769 pernoscatur,
1093 1695 1301 1771 etquid
1327 1696 1453 1771 spei
1484 1695 1566 1753 sit
1597 1696 1890 1766 relicuum,

558 1778 818 1838 Posthac
852 1778 1001 1856 qud-s
1022 1778 1222 1853 faciet
1256 1781 1330 1839 de
1360 1784 1588 1859 integro
1621 1783 1968 1850 comoedias,

564 1863 936 1941 Spectandae
969 1884 1051 1923 an
1084 1867 1409 1944 exigendae
1440 1871 1560 1924 sint
1592 1865 1756 1922 vobis
1784 1867 1967 1939 prius.

270 1985 281 1995 ·
355 1943 751 2010 Ruhnffenius
735 1975 791 2010 ιιι
825 1953 1077 2012 Dictatis
1096 1953 1169 2010 de
1203 1953 1433 2031 integro
1470 1953 1780 2028 significare
1803 1953 1989 2010 denuo
2023 1952 2174 2012 dixit.
2219 1953 2347 2012 At

353 2058 482 2097 vero
521 2038 596 2095 de
627 2040 855 2123 integro
890 2058 1062 2114 neque
1098 2058 1320 2135 prorsus
1354 2039 1497 2097 idem
1534 2050 1619 2097 est
1652 2060 1715 2096 ac
1750 2039 1953 2108 denuo,
1993 2050 2064 2107 et,
2100 2041 2150 2095 si
2184 2050 2345 2108 esset,

352 2145 609 2228 perquam
644 2127 818 2182 otiose
850 2127 1089 2205 positum
1123 2115 1285 2194 esset,
1321 2127 1444 2201 quia
1477 2124 1621 2185 idem
1654 2145 1752 2205 per
1773 2125 2080 2204 particulam
2098 2123 2349 2201 posthoc

354 2214 460 2269 iam
495 2213 626 2267 satis
652 2212 937 2268 indicatum
962 2224 1088 2279 erat.
1160 2213 1328 2270 Immo
1350 2212 1557 2273 fabulae
1592 2213 1665 2270 dc
1698 2212 1927 2290 integro
1948 2210 2185 2284 factae,
2217 2209 2271 2266 h.
2298 2229 2345 2269 e.

354 2318 557 2367 novoe,
593 2300 967 2376 opponuntur·
948 2301 1034 2368 iis,
1072 2319 1206 2376 qnae
1240 2300 1491 2356 secundis
1525 2299 1666 2356 curis
1699 2298 1910 2378 politae
1931 2300 2122 2357 iterum
2155 2296 2347 2354 docen-

332 2397 473 2453 .tur;
510 2384 699 2464 qualis
719 2404 881 2460 quum
916 2395 1062 2442 esset
1094 2386 1225 2443 haec
1251 2386 1471 2455 Andria,
1507 2396 1650 2445 recte
1674 2384 1807 2443 dixit
1830 2395 2008 2464 poeta,
2043 2385 2350 2461 cognoscite

356 2474 518 2541 hanc,
582 2482 643 2528 ut
676 2470 800 2527 inde
833 2474 1169 2547 pernoscatis
1205 2493 1329 2531 num
1366 2493 1503 2552 quas
1531 2473 1722 2532 faciam
1756 2474 1830 2531 de
1860 2473 2094 2558 integro
2125 2470 2356 2551 posthac

354 2560 577 2628 fabulas,
615 2555 932 2642 spectandae
966 2558 1077 2613 siut
1111 2578 1175 2614 an
1210 2561 1391 2636 potius
1427 2558 1731 2640 exigendae.

502 2650 585 2706 11.
620 2652 759 2702 sunt
791 2644 1067 2699 dissimili
1100 2647 1135 2701 :3
1170 2645 1403 2705 Bentleii
1439 2647 1653 2705 codices
1684 2649 2038 2714 recentiores,
2079 2641 2355 2700 dissimili

357 2743 496 2792 sunt
531 2735 714 2793 ceteri.
787 2730 1009 2788 Scilicet
1042 2734 1304 2809 scriptura
1340 2754 1371 2789 a
1392 2733 1563 2789 nubis
1594 2725 1831 2813 reposita
1863 2736 1969 2791 iam
1992 2731 2355 2831 antiquissima

361 2830 530 2878 aetate
560 2821 680 2877 ,sive
717 2840 746 2874 a
781 2820 1132 2892 grammaticis
1167 2820 1284 2874 sive
1310 2838 1369 2888 „as
1383 2818 1614 2878 librariis
1646 2824 1728 2878 rei
1760 2823 2009 2879 metricae
2040 2818 2236 2894 ignaris
2257 2817 2352 2871 im-

358 2909 555 2965 mutata
605 2915 689 2963 est
734 2912 959 2985 propter
1001 2905 1283 2963 verborum
1339 2904 1745 2964 collocationem
1791 2927 1900 2965 non
1942 2909 2016 2964 ita
2065 2903 2353 2978 vulgarem.

358 2994 595 3053 Faernus
640 2992 922 3050 lectionem
956 2991 1116 3067 vulgo
1150 3002 1418 3069 receptam
1453 2995 1528 3051 ita
1570 2996 1803 3052 numeris
1846 2995 2133 3068 astringere
2163 2989 2354 3057 voluit,

360 3091 422 3137 ut
469 3077 919 3158 pronunciandum
965 3080 1297 3159 praeciperet
1339 3089 1673 3159 agmento,
1740 3079 1840 3136 sed
1882 3090 2031 3136 recte
2073 3083 2358 3155 eapropter

361 3167 713 3242 reprehensus
746 3174 831 3223 est
865 3187 895 3221 a
931 3164 1205 3221 Bentleio:
1243 3169 1447 3243 quippe
1480 3164 1709 3228 secunda
1746 3167 1802 3221 in
1827 3173 2170 3243 argumento
2191 3181 2357 3239 quum

362 3252 711 3331 producatur,
764 3251 1077 3309 delitescere
1119 3253 1260 3307 inter
1292 3252 1744 3331 pronunciandum
1779 3254 1978 3330 nequit.
2082 3248 2358 3308 Bentleius

363 3340 517 3418 dedit
572 3348 632 3397 et
685 3348 913 3406 tamen,
980 3355 1200 3413 eamque
1242 3335 1606 3398 'coniecturam
1655 3341 1982 3418 impugnavit
2003 3337 2358 3394 ·Her1nannus

363 3424 629 3503 opuscul.
666 3423 734 3481 ΙΙ.
770 3441 823 3502 p.
859 3425 968 3479 268
995 3455 1058 3466 —
1085 3426 1225 3491 271„
1264 3425 1380 3501 ipse
1419 3427 1660 3483 scribens
1694 3429 1809 3483 sive
1839 3434 2035 3482 tomen
2059 3425 2174 3481 sive
2198 3432 2355 3478 atta·
2435 3497 2442 3505 ι

363 3513 639 3570 men.1n
663 3510 897 3567 lectione
917 3518 1057 3566 sunt
1077 3465 1354 3568 dissimili
1374 3520 1575 3616 temere
1597 3511 1819 3570 offendit
1839 3512 2130 3570 Bentleius.
2192 3507 2354 3566 Cous·

364 3598 501 3655 infra
539 3597 789 3664 adl„5‚
827 3601 878 3652 1.
914 3599 969 3652 in
1002 3597 1129 3657 fine.
1629 3615 1640 3626 ‘

366 3713 369 3718 ·
509 3688 589 3741 13.
627 3679 936 3740 Perinthia
971 3680 1066 3738 bic
1099 3684 1237 3742 coni.
1274 3684 1462 3744 Bentl.
1560 3683 1844 3743 Terentius
1890 3653 2069 3741 statim
2104 3680 2167 3736 ab
2203 3679 2356 3734 initio

365 3773 584 3828 nomine
617 3777 801 3845 poeto
832 3772 910 3825 ita
947 3788 1008 3825 se
1034 3769 1352 3846 designavit,
1390 3782 1452 3829 ut
1483 3773 1539 3827 in
1569 3774 1917 3849 sequentibus
1953 3771 2019 3827 de
2044 3776 2213 3825 semet
2233 3768 2355 3840 ipso

364 3873 668 3913 sennonem
704 3874 852 3923 esse,
888 3856 981 3911 ubi
1015 3854 1151 3912 alius
1185 3857 1325 3915 haud
1361 3858 1559 3915 diserte
1594 3862 1921 3926 nominatur,
1965 3852 2116 3912 facile
2150 3859 2355 3930 specta-

366 3952 517 3998 tores
553 3953 913 4014 agnoscerent.
983 3943 1046 3999 ln
1070 3943 1301 4001 Bentleii
1325 3947 1626 4003 coniectura
1658 3945 1717 4003 id
1751 3946 1908 4002 etiam
1942 3938 2179 4009 offendit,
2213 3936 2368 4040 quod

365 4045 662 4107 pronomen
697 4030 752 4086 in
786 4047 989 4091 versus,
1009 4031 1118 4088 fine
1152 4033 1389 4108 positum
1421 4041 1525 4090 est.

515 4117 602 4172 16.
639 4114 869 4172 debere
878 4115 940 4175 P.

438 4278 447 4288 ἱ
516 4204 599 4262 17.
642 4220 754 4259 noe
787 4200 1238 4279 Lindenbrogius3
1274 4201 1437 4259 male:
1475 4199 1613 4260 conf,
1645 4200 1837 4292 Faerni
1871 4207 1995 4258 nota
2030 4207 2085 4255 et
2117 4196 2361 4254 Bentleii.
